@misc{web,
    author			= {Atmel},
    title			= {Features ATtiny2313A/ATtiny4313},
    howpublished	= {Atmel, \url{https://ww1.microchip.com/downloads/en/DeviceDoc/doc8246.pdf}},
    year			= {2017},
    month			= {Agosto},
    note			= {Accedido en enero de 2024},
    language        = {spanish},
}


@misc{web2,
    author			= {Mobile education and engineer},
    title			= {Decodificadores de BCD a 7 segmentos},
    howpublished	= {Robot, \url{https://wp.7robot.net/decodificadores-de-bcd-a-7-segmentos/}},
    year			= {2017},
    month			= {abril},
    note			= {Accedido en enero de 2024},
    language        = {spanish},
}

@misc{web3,
    author			= {MicroJpm},
    title			= {Tienda de componentes},
    howpublished	= {All about Circuits \url{https://www.microjpm.com/search/?x=15&y=12&text=}},
    year			= {2017},
    month			= {octubre},
    note			= {Accedido en enero de 2024},
    language        = {espa√±ol},
}




